% Encoding: UTF-8

@misc{X,
    author = {Some Authors},
    title = {Cool Method},
    url = {http://link.com},
    year = {2019},
}